<marcxml:record xmlns:marcxml="http://www.loc.gov/MARC21/slim" xmlns:mets="http://www.loc.gov/METS/" xmlns:bf="http://id.loc.gov/ontologies/bibframe/" xmlns:bflc="http://id.loc.gov/ontologies/bflc/" xmlns:madsrdf="http://www.loc.gov/mads/rdf/v1#" xmlns:rdf="http://www.w3.org/1999/02/22-rdf-syntax-ns#" xmlns:ri="http://id.loc.gov/ontologies/RecordInfo#" xmlns:idx="info:lc/xq-modules/lcindex" xmlns:semtriples="http://marklogic.com/semantic" xmlns:xsi="http://www.w3.org/2001/XMLSchema-instance" xmlns:xlink="http://www.w3.org/1999/xlink" xmlns:streams="info:lc/streams#">
  <marcxml:leader>02023cam a22003374a 4500</marcxml:leader>
  <marcxml:controlfield tag="001">16946070</marcxml:controlfield>
  <marcxml:controlfield tag="005">20130416170622.0</marcxml:controlfield>
  <marcxml:controlfield tag="008">110902s2012    nyub          000 0aeng  </marcxml:controlfield>
  <marcxml:datafield tag="906" ind1=" " ind2=" ">
    <marcxml:subfield code="a">7</marcxml:subfield>
    <marcxml:subfield code="b">cbc</marcxml:subfield>
    <marcxml:subfield code="c">orignew</marcxml:subfield>
    <marcxml:subfield code="d">1</marcxml:subfield>
    <marcxml:subfield code="e">ecip</marcxml:subfield>
    <marcxml:subfield code="f">20</marcxml:subfield>
    <marcxml:subfield code="g">y-gencatlg</marcxml:subfield>
  </marcxml:datafield>
  <marcxml:datafield tag="925" ind1="0" ind2=" ">
    <marcxml:subfield code="a">Acquire</marcxml:subfield>
    <marcxml:subfield code="b">2 shelf copies</marcxml:subfield>
    <marcxml:subfield code="x">policy default</marcxml:subfield>
  </marcxml:datafield>
  <marcxml:datafield tag="955" ind1=" " ind2=" ">
    <marcxml:subfield code="b">rg13 2011-09-02</marcxml:subfield>
    <marcxml:subfield code="i">rg13 2011-09-02 (telework)</marcxml:subfield>
    <marcxml:subfield code="w">aa11 09-06-2011</marcxml:subfield>
    <marcxml:subfield code="a">xn02 2012-03-28 1 copy rec'd., to CIP ver.</marcxml:subfield>
    <marcxml:subfield code="f">rc20 2012-04-02 Z-CipVer to BCCD</marcxml:subfield>
    <marcxml:subfield code="t">rg04 2012-04-20 copy 2 to CALM</marcxml:subfield>
    <marcxml:subfield code="t">rg15 2012-06-20 copy 3 (processed as a discard) to CALM</marcxml:subfield>
    <marcxml:subfield code="a">hb09 2013-04-16 copy to Loan, CALM</marcxml:subfield>
  </marcxml:datafield>
  <marcxml:datafield tag="010" ind1=" " ind2=" ">
    <marcxml:subfield code="a">  2011033752</marcxml:subfield>
  </marcxml:datafield>
  <marcxml:datafield tag="020" ind1=" " ind2=" ">
    <marcxml:subfield code="a">9780307592736 (alk. paper)</marcxml:subfield>
  </marcxml:datafield>
  <marcxml:datafield tag="020" ind1=" " ind2=" ">
    <marcxml:subfield code="a">0307592731 (alk. paper)</marcxml:subfield>
  </marcxml:datafield>
  <marcxml:datafield tag="035" ind1=" " ind2=" ">
    <marcxml:subfield code="a">(OCoLC)ocn745979737</marcxml:subfield>
  </marcxml:datafield>
  <marcxml:datafield tag="040" ind1=" " ind2=" ">
    <marcxml:subfield code="a">DLC</marcxml:subfield>
    <marcxml:subfield code="b">eng</marcxml:subfield>
    <marcxml:subfield code="c">DLC</marcxml:subfield>
    <marcxml:subfield code="d">BTCTA</marcxml:subfield>
    <marcxml:subfield code="d">YDXCP</marcxml:subfield>
    <marcxml:subfield code="d">UPZ</marcxml:subfield>
    <marcxml:subfield code="d">BDX</marcxml:subfield>
    <marcxml:subfield code="d">JAO</marcxml:subfield>
    <marcxml:subfield code="d">OCLCQ</marcxml:subfield>
    <marcxml:subfield code="d">RCJ</marcxml:subfield>
    <marcxml:subfield code="d">VP@</marcxml:subfield>
    <marcxml:subfield code="d">BWX</marcxml:subfield>
    <marcxml:subfield code="d">TXA</marcxml:subfield>
    <marcxml:subfield code="d">DLC</marcxml:subfield>
  </marcxml:datafield>
  <marcxml:datafield tag="042" ind1=" " ind2=" ">
    <marcxml:subfield code="a">pcc</marcxml:subfield>
  </marcxml:datafield>
  <marcxml:datafield tag="043" ind1=" " ind2=" ">
    <marcxml:subfield code="a">n-us-ca</marcxml:subfield>
    <marcxml:subfield code="a">n-us-or</marcxml:subfield>
    <marcxml:subfield code="a">n-us-wa</marcxml:subfield>
  </marcxml:datafield>
  <marcxml:datafield tag="050" ind1="0" ind2="0">
    <marcxml:subfield code="a">PS3619.T744</marcxml:subfield>
    <marcxml:subfield code="b">Z46 2012</marcxml:subfield>
  </marcxml:datafield>
  <marcxml:datafield tag="082" ind1="0" ind2="0">
    <marcxml:subfield code="a">813/.6</marcxml:subfield>
    <marcxml:subfield code="a">B</marcxml:subfield>
    <marcxml:subfield code="2">23</marcxml:subfield>
  </marcxml:datafield>
  <marcxml:datafield tag="100" ind1="1" ind2=" ">
    <marcxml:subfield code="a">Strayed, Cheryl,</marcxml:subfield>
    <marcxml:subfield code="d">1968-</marcxml:subfield>
  </marcxml:datafield>
  <marcxml:datafield tag="245" ind1="1" ind2="0">
    <marcxml:subfield code="a">Wild :</marcxml:subfield>
    <marcxml:subfield code="b">from lost to found on the Pacific Crest Trail /</marcxml:subfield>
    <marcxml:subfield code="c">Cheryl Strayed.</marcxml:subfield>
  </marcxml:datafield>
  <marcxml:datafield tag="250" ind1=" " ind2=" ">
    <marcxml:subfield code="a">1st ed.</marcxml:subfield>
  </marcxml:datafield>
  <marcxml:datafield tag="260" ind1=" " ind2=" ">
    <marcxml:subfield code="a">New York :</marcxml:subfield>
    <marcxml:subfield code="b">Alfred A. Knopf,</marcxml:subfield>
    <marcxml:subfield code="c">2012.</marcxml:subfield>
  </marcxml:datafield>
  <marcxml:datafield tag="300" ind1=" " ind2=" ">
    <marcxml:subfield code="a">315 p. :</marcxml:subfield>
    <marcxml:subfield code="b">map ;</marcxml:subfield>
    <marcxml:subfield code="c">25 cm.</marcxml:subfield>
  </marcxml:datafield>
  <marcxml:datafield tag="520" ind1=" " ind2=" ">
    <marcxml:subfield code="a">A powerful, blazingly honest, inspiring memoir: the story of a 1,100 mile solo hike that broke down a young woman reeling from catastrophe--and built her back up again.</marcxml:subfield>
  </marcxml:datafield>
  <marcxml:datafield tag="505" ind1="0" ind2="0">
    <marcxml:subfield code="t">The ten thousand things --</marcxml:subfield>
    <marcxml:subfield code="t">Splitting --</marcxml:subfield>
    <marcxml:subfield code="t">Hunching in a remotely upright position --</marcxml:subfield>
    <marcxml:subfield code="t">The Pacific Crest Trail, volume I : California --</marcxml:subfield>
    <marcxml:subfield code="t">Tracks --</marcxml:subfield>
    <marcxml:subfield code="t">A bull in both directions --</marcxml:subfield>
    <marcxml:subfield code="t">The only girl in the woods --</marcxml:subfield>
    <marcxml:subfield code="t">Corvidology --</marcxml:subfield>
    <marcxml:subfield code="t">Staying found --</marcxml:subfield>
    <marcxml:subfield code="t">Range of light --</marcxml:subfield>
    <marcxml:subfield code="t">The lou out of lou --</marcxml:subfield>
    <marcxml:subfield code="t">This far --</marcxml:subfield>
    <marcxml:subfield code="t">The accumulation of trees --</marcxml:subfield>
    <marcxml:subfield code="t">Wild --</marcxml:subfield>
    <marcxml:subfield code="t">Box of rain --</marcxml:subfield>
    <marcxml:subfield code="t">Mazama --</marcxml:subfield>
    <marcxml:subfield code="t">Into a primal gear --</marcxml:subfield>
    <marcxml:subfield code="t">The queen of the PCT --</marcxml:subfield>
    <marcxml:subfield code="t">The dream of a common language.</marcxml:subfield>
  </marcxml:datafield>
  <marcxml:datafield tag="600" ind1="1" ind2="0">
    <marcxml:subfield code="a">Strayed, Cheryl,</marcxml:subfield>
    <marcxml:subfield code="d">1968-</marcxml:subfield>
    <marcxml:subfield code="x">Travel</marcxml:subfield>
    <marcxml:subfield code="z">Pacific Crest Trail.</marcxml:subfield>
  </marcxml:datafield>
  <marcxml:datafield tag="650" ind1=" " ind2="0">
    <marcxml:subfield code="a">Authors, American</marcxml:subfield>
    <marcxml:subfield code="y">21st century</marcxml:subfield>
    <marcxml:subfield code="v">Biography.</marcxml:subfield>
  </marcxml:datafield>
  <marcxml:datafield tag="651" ind1=" " ind2="0">
    <marcxml:subfield code="a">Pacific Crest Trail</marcxml:subfield>
    <marcxml:subfield code="x">Description and travel.</marcxml:subfield>
  </marcxml:datafield>
  <marcxml:datafield tag="923" ind1=" " ind2=" ">
    <marcxml:subfield code="a">Purchase</marcxml:subfield>
    <marcxml:subfield code="d">20130416</marcxml:subfield>
    <marcxml:subfield code="n">309122</marcxml:subfield>
    <marcxml:subfield code="s">Amazon</marcxml:subfield>
  </marcxml:datafield>
</marcxml:record>
